% Encoding: UTF-8


@InBook{Jaulin2013,
  pages     = {117--129},
  title     = {A Simple Controller for Line Following of Sailboats},
  publisher = {Springer Berlin Heidelberg},
  year      = {2013},
  author    = {Jaulin, Luc and Le Bars, Fabrice},
  editor    = {Sauz{\'e}, Colin and Finnis, James},
  address   = {Berlin, Heidelberg},
  booktitle = {Robotic Sailing 2012: Proceedings of the 5th International Robotic Sailing Conference},
  doi       = {10.1007/978-3-642-33084-1_11},
  isbn      = {978-3-642-33084-1},
  url       = {http://dx.doi.org/10.1007/978-3-642-33084-1_11},
}

@InBook{robmob,
  pages     = {0 - 274},
  title     = {La robotique mobile},
  publisher = {ISTE Editions},
  year      = {2015},
  author    = {Luc Jaulin},
  booktitle = {La robotique mobile - Cours et exercices},
  isbn      = {978-1-78405-087-0},
}

@article{jaulin2013interval,
  title={An interval approach for stability analysis: Application to sailboat robotics},
  author={Jaulin, Luc and Le Bars, Fabrice},
  journal={IEEE Transactions on Robotics},
  volume={29},
  number={1},
  pages={282--287},
  year={2013},
  publisher={IEEE}
}